
@BOOK{Basar2008-mv,
  title  = "{H$\infty$-Optimal} Control and Related Minimax Design Problems: A
            Dynamic Game Approach",
  author = "Ba{\c s}ar, Tamer and Bernhard, Pierre",
  series = "Modern Birkh{\"a}user Classics",
  year   =  2008
}

@article{pinto2017robust,
  title={Robust adversarial reinforcement learning},
  author={Pinto, Lerrel and Davidson, James and Sukthankar, Rahul and Gupta, Abhinav},
  journal={arXiv preprint arXiv:1703.02702},
  year={2017}
}

@article{pattanaik2017robust,
  title={{Robust Deep Reinforcement Learning with Adversarial Attacks}},
  author={Pattanaik, Anay and Tang, Zhenyi and Liu, Shuijing and Bommannan, Gautham and Chowdhary, Girish},
  journal={arXiv preprint arXiv:1712.03632},
  year={2017}
}

@article{morimoto2005robust,
  title={Robust reinforcement learning},
  author={Morimoto, Jun and Doya, Kenji},
  journal={Neural computation},
  volume={17},
  number={2},
  pages={335--359},
  year={2005},
  publisher={MIT Press}
}

@article{ghavamzadeh2015bayesian,
  title={{Bayesian Reinforcement Learning: A Survey}},
  author={Ghavamzadeh, Mohammad and Mannor, Shie and Pineau, Joelle and Tamar, Aviv and others},
  journal={Foundations and Trends{\textregistered} in Machine Learning},
  volume={8},
  number={5-6},
  pages={359--483},
  year={2015},
  publisher={Now Publishers, Inc.}
}

@article{mihatsch2002risk,
  title={Risk-sensitive reinforcement learning},
  author={Mihatsch, Oliver and Neuneier, Ralph},
  journal={Machine learning},
  volume={49},
  number={2-3},
  pages={267--290},
  year={2002},
  publisher={Springer}
}

@incollection{littman1995learning,
  title={Learning policies for partially observable environments: Scaling up},
  author={Littman, Michael L and Cassandra, Anthony R and Kaelbling, Leslie Pack},
  booktitle={Machine Learning Proceedings 1995},
  pages={362--370},
  year={1995},
  publisher={Elsevier}
}

@inproceedings{karkus2017qmdp,
  title={{QMDP-Net: Deep Learning for Planning under Partial Observability}},
  author={Karkus, Peter and Hsu, David and Lee, Wee Sun},
  booktitle={Advances in Neural Information Processing Systems},
  pages={4697--4707},
  year={2017}
}

@inproceedings{guez2012efficient,
  title={{Efficient Bayes-Adaptive Reinforcement Learning using Sample-Based Search}},
  author={Guez, Arthur and Silver, David and Dayan, Peter},
  booktitle={Advances in Neural Information Processing Systems},
  pages={1025--1033},
  year={2012}
}

@inproceedings{chen2016pomdp,
  title={{
POMDP-lite for Robust Robot Planning under Uncertainty}},
  author={Chen, Min and Frazzoli, Emilio and Hsu, David and Lee, Wee Sun},
  booktitle={Robotics and Automation (ICRA), 2016 IEEE International Conference on},
  pages={5427--5433},
  year={2016},
  organization={IEEE}
}

@article{lee2018dart,
	doi = {10.21105/joss.00500},
	url = {https://doi.org/10.21105/joss.00500},
	year  = {2018},
	month = {Feb},
	publisher = {The Open Journal},
	volume = {3},
	number = {22},
	pages = {500},
	author = {Jeongseok Lee and Michael X. Grey and Sehoon Ha and Tobias Kunz and Sumit Jain and Yuting Ye and Siddhartha S. Srinivasa and Mike Stilman and C. Karen Liu},
	title = {{DART: Dynamic Animation and Robotics Toolkit}},
	journal = {The Journal of Open Source Software}
}

@inproceedings{ross2008bayes,
  title={{Bayes-Adaptive POMDPs}},
  author={Ross, Stephane and Chaib-draa, Brahim and Pineau, Joelle},
  booktitle={Advances in Neural Information Processing Systems},
  pages={1225--1232},
  year={2008}
}

@inproceedings{duan2016benchmarking,
  title={{Benchmarking Deep Reinforcement Learning for Continuous Control}},
  author={Duan, Yan and Chen, Xi and Houthooft, Rein and Schulman, John and Abbeel, Pieter},
  booktitle={International Conference on Machine Learning},
  pages={1329--1338},
  year={2016}
}

@misc{openai,
  Author = {Greg Brockman and Vicki Cheung and Ludwig Pettersson and Jonas Schneider and John Schulman and Jie Tang and Wojciech Zaremba},
  Title = {{OpenAI Gym}},
  Year = {2016},
  Eprint = {arXiv:1606.01540},
}

@inproceedings{psrl,
  title={{(More) Efficient Reinforcement Learning via Posterior Sampling}},
  author={Osband, Ian and Russo, Daniel and Van Roy, Benjamin},
  booktitle={Advances in Neural Information Processing Systems},
  pages={3003--3011},
  year={2013}
}

@article{rajeswaran2016epopt,
  title={{EPOpt: Learning Robust Neural Network Policies Using Model Ensembles}},
  author={Rajeswaran, Aravind and Ghotra, Sarvjeet and Ravindran, Balaraman and Levine, Sergey},
  journal={arXiv preprint arXiv:1610.01283},
  year={2016}
}

@inproceedings{ensemble-cio,
  title={{Ensemble-CIO: Full-body dynamic motion planning that transfers to physical humanoids}},
  author={Mordatch, Igor and Lowrey, Kendall and Todorov, Emanuel},
  booktitle={Intelligent Robots and Systems (IROS), 2015 IEEE/RSJ International Conference on},
  pages={5307--5314},
  year={2015},
  organization={IEEE}
}
