
@BOOK{Basar2008-mv,
  title  = "{H$\infty$-Optimal} Control and Related Minimax Design Problems: A
            Dynamic Game Approach",
  author = "Ba{\c s}ar, Tamer and Bernhard, Pierre",
  series = "Modern Birkh{\"a}user Classics",
  year   =  2008
}

@article{pinto2017robust,
  title={Robust adversarial reinforcement learning},
  author={Pinto, Lerrel and Davidson, James and Sukthankar, Rahul and Gupta, Abhinav},
  journal={arXiv preprint arXiv:1703.02702},
  year={2017}
}

@article{pattanaik2017robust,
  title={Robust Deep Reinforcement Learning with Adversarial Attacks},
  author={Pattanaik, Anay and Tang, Zhenyi and Liu, Shuijing and Bommannan, Gautham and Chowdhary, Girish},
  journal={arXiv preprint arXiv:1712.03632},
  year={2017}
}

@article{morimoto2005robust,
  title={Robust reinforcement learning},
  author={Morimoto, Jun and Doya, Kenji},
  journal={Neural computation},
  volume={17},
  number={2},
  pages={335--359},
  year={2005},
  publisher={MIT Press}
}

@article{ghavamzadeh2015bayesian,
  title={Bayesian reinforcement learning: A survey},
  author={Ghavamzadeh, Mohammad and Mannor, Shie and Pineau, Joelle and Tamar, Aviv and others},
  journal={Foundations and Trends{\textregistered} in Machine Learning},
  volume={8},
  number={5-6},
  pages={359--483},
  year={2015},
  publisher={Now Publishers, Inc.}
}

@article{mihatsch2002risk,
  title={Risk-sensitive reinforcement learning},
  author={Mihatsch, Oliver and Neuneier, Ralph},
  journal={Machine learning},
  volume={49},
  number={2-3},
  pages={267--290},
  year={2002},
  publisher={Springer}
}